@article{Mnih2015,
  doi = {10.1038/nature14236},
  url = {https://doi.org/10.1038/nature14236},
  year = {2015},
  month = feb,
  publisher = {Springer Science and Business Media {LLC}},
  volume = {518},
  number = {7540},
  pages = {529--533},
  author = {Volodymyr Mnih and Koray Kavukcuoglu and David Silver and Andrei A. Rusu and Joel Veness and Marc G. Bellemare and Alex Graves and Martin Riedmiller and Andreas K. Fidjeland and Georg Ostrovski and Stig Petersen and Charles Beattie and Amir Sadik and Ioannis Antonoglou and Helen King and Dharshan Kumaran and Daan Wierstra and Shane Legg and Demis Hassabis},
  title = {Human-level control through deep reinforcement learning},
  journal = {Nature}
}

@misc{he2015delving,
    title={Delving Deep into Rectifiers: Surpassing Human-Level Performance on ImageNet Classification},
    author={Kaiming He and Xiangyu Zhang and Shaoqing Ren and Jian Sun},
    year={2015},
    eprint={1502.01852},
    archivePrefix={arXiv},
    primaryClass={cs.CV}
}

@misc{hasselt2015deep,
    title={Deep Reinforcement Learning with Double Q-learning},
    author={Hado van Hasselt and Arthur Guez and David Silver},
    year={2015},
    eprint={1509.06461},
    archivePrefix={arXiv},
    primaryClass={cs.LG}
}

@misc{schaul2015prioritized,
    title={Prioritized Experience Replay},
    author={Tom Schaul and John Quan and Ioannis Antonoglou and David Silver},
    year={2015},
    eprint={1511.05952},
    archivePrefix={arXiv},
    primaryClass={cs.LG}
}

@misc{wang2015dueling,
    title={Dueling Network Architectures for Deep Reinforcement Learning},
    author={Ziyu Wang and Tom Schaul and Matteo Hessel and Hado van Hasselt and Marc Lanctot and Nando de Freitas},
    year={2015},
    eprint={1511.06581},
    archivePrefix={arXiv},
    primaryClass={cs.LG}
}

@misc{hessel2017rainbow,
    title={Rainbow: Combining Improvements in Deep Reinforcement Learning},
    author={Matteo Hessel and Joseph Modayil and Hado van Hasselt and Tom Schaul and Georg Ostrovski and Will Dabney and Dan Horgan and Bilal Piot and Mohammad Azar and David Silver},
    year={2017},
    eprint={1710.02298},
    archivePrefix={arXiv},
    primaryClass={cs.AI}
}